<marc:collection xmlns:marc="http://www.loc.gov/MARC21/slim" xmlns:xsi="http://www.w3.org/2001/XMLSchema-instance" xsi:schemaLocation="http://www.loc.gov/MARC21/slim http://www.loc.gov/standards/marcxml/schema/MARC21slim.xsd">
    <marc:record type="Bibliographic">
        <marc:leader>02258cam a2200505 a 4500</marc:leader>
        <marc:controlfield tag="001">1013613</marc:controlfield>
        <marc:controlfield tag="005">20120901135344.0</marc:controlfield>
        <marc:controlfield tag="007">hd bfa012baaa</marc:controlfield>
        <marc:controlfield tag="007">hd bfa012baba</marc:controlfield>
        <marc:controlfield tag="007">hd afa012baca</marc:controlfield>
        <marc:controlfield tag="008">951020s1960    sy      ab    000 0 ara d</marc:controlfield>
        <marc:datafield tag="035" ind1=" " ind2=" ">
            <marc:subfield code="a">(OCoLC)33498028</marc:subfield>
        </marc:datafield>
        <marc:datafield tag="035" ind1=" " ind2=" ">
            <marc:subfield code="a">(OCoLC)ocn176279836</marc:subfield>
        </marc:datafield>
        <marc:datafield tag="035" ind1=" " ind2=" ">
            <marc:subfield code="a">(OCoLC)176279836</marc:subfield>
        </marc:datafield>
        <marc:datafield tag="035" ind1=" " ind2=" ">
            <marc:subfield code="a">(CStRLIN)NJPG95-B66130</marc:subfield>
        </marc:datafield>
        <marc:datafield tag="035" ind1=" " ind2=" ">
            <marc:subfield code="9">CBY6498TS</marc:subfield>
        </marc:datafield>
        <marc:datafield tag="035" ind1=" " ind2=" ">
            <marc:subfield code="a">(NjP)1013613</marc:subfield>
        </marc:datafield>
        <marc:datafield tag="040" ind1=" " ind2=" ">
            <marc:subfield code="a">NjP</marc:subfield>
            <marc:subfield code="c">PUL</marc:subfield>
            <marc:subfield code="d">PUL</marc:subfield>
        </marc:datafield>
        <marc:datafield tag="049" ind1=" " ind2=" ">
            <marc:subfield code="a">PULL</marc:subfield>
        </marc:datafield>
        <marc:datafield tag="079" ind1=" " ind2=" ">
            <marc:subfield code="a">ocm33498028</marc:subfield>
        </marc:datafield>
        <marc:datafield tag="100" ind1="0" ind2=" ">
            <marc:subfield code="a">Avempace,</marc:subfield>
            <marc:subfield code="d">d. 1138 or 9.</marc:subfield>
        </marc:datafield>
        <marc:datafield tag="240" ind1="1" ind2="0">
            <marc:subfield code="6">880-01</marc:subfield>
            <marc:subfield code="a">Nafs</marc:subfield>
        </marc:datafield>
        <marc:datafield tag="245" ind1="1" ind2="0">
            <marc:subfield code="6">880-02</marc:subfield>
            <marc:subfield code="a">Kitāb al-Nafs</marc:subfield>
            <marc:subfield code="h">[microform] /</marc:subfield>
            <marc:subfield code="c">ṣannafahu Abū Bakr Muḥammad ibn Bājjah al-Andalusī ; ḥaqqaqahu Muḥammad Ṣaghīr Ḥasan al-Maʻṣūmī.</marc:subfield>
        </marc:datafield>
        <marc:datafield tag="260" ind1=" " ind2=" ">
            <marc:subfield code="6">880-03</marc:subfield>
            <marc:subfield code="a">Dimashq :</marc:subfield>
            <marc:subfield code="b">[Majmaʻ al-Lughah al-ʻArabīyah bi-Dimashq],</marc:subfield>
            <marc:subfield code="c">1960.</marc:subfield>
        </marc:datafield>
        <marc:datafield tag="300" ind1=" " ind2=" ">
            <marc:subfield code="a">153 p. ;</marc:subfield>
            <marc:subfield code="c">26 cm.</marc:subfield>
        </marc:datafield>
        <marc:datafield tag="490" ind1="0" ind2=" ">
            <marc:subfield code="6">880-04</marc:subfield>
            <marc:subfield code="a">Maṭbūʻāt Majmaʻ al-Lughah al-ʻArabīyah bi-Dimashq</marc:subfield>
        </marc:datafield>
        <marc:datafield tag="504" ind1=" " ind2=" ">
            <marc:subfield code="a">Includes bibliographical references (p. [150]-153).</marc:subfield>
        </marc:datafield>
        <marc:datafield tag="533" ind1=" " ind2=" ">
            <marc:subfield code="a">Microfilm.</marc:subfield>
            <marc:subfield code="b">Bethlehem, PA :</marc:subfield>
            <marc:subfield code="c">Mid-Atlantic Preservation Service,</marc:subfield>
            <marc:subfield code="d">1995.</marc:subfield>
            <marc:subfield code="e">1 microfilm reel ; 35 mm.</marc:subfield>
            <marc:subfield code="f">(Princeton University Arabic collection ; cn. 9503527.07. Phase II).</marc:subfield>
            <marc:subfield code="7">s1995    paun a</marc:subfield>
        </marc:datafield>
        <marc:datafield tag="590" ind1=" " ind2=" ">
            <marc:subfield code="a">Princeton Arabic Microfilming Project.</marc:subfield>
        </marc:datafield>
        <marc:datafield tag="650" ind1=" " ind2="0">
            <marc:subfield code="a">Soul.</marc:subfield>
        </marc:datafield>
        <marc:datafield tag="650" ind1=" " ind2="0">
            <marc:subfield code="a">Soul (Islam)</marc:subfield>
        </marc:datafield>
        <marc:datafield tag="700" ind1="1" ind2=" ">
            <marc:subfield code="6">880-05</marc:subfield>
            <marc:subfield code="a">Maʻṣūmī, M. Ṣaghīr Ḥasan</marc:subfield>
            <marc:subfield code="q">(Muḥammad Ṣaghīr Ḥasan)</marc:subfield>
        </marc:datafield>
        <marc:datafield tag="830" ind1=" " ind2="0">
            <marc:subfield code="a">Princeton University Arabic collection ;</marc:subfield>
            <marc:subfield code="v">cn. 9503527.07.</marc:subfield>
        </marc:datafield>
        <marc:datafield tag="830" ind1=" " ind2="0">
            <marc:subfield code="a">Princeton University Arabic collection.</marc:subfield>
            <marc:subfield code="p">Phase II.</marc:subfield>
        </marc:datafield>
        <marc:datafield tag="880" ind1="1" ind2="0">
            <marc:subfield code="6">240-01/r</marc:subfield>
            <marc:subfield code="a">نفس</marc:subfield>
        </marc:datafield>
        <marc:datafield tag="880" ind1="1" ind2="0">
            <marc:subfield code="6">245-02/r</marc:subfield>
            <marc:subfield code="a">كتاب النفس</marc:subfield>
            <marc:subfield code="h">[microform] /</marc:subfield>
            <marc:subfield code="c">صنفه ابو بكر محمد بن باجة الاندلسي ؛ حققه محمد صغير حسن المعصومي.</marc:subfield>
        </marc:datafield>
        <marc:datafield tag="880" ind1=" " ind2=" ">
            <marc:subfield code="6">260-03/r</marc:subfield>
            <marc:subfield code="a">دمشق :</marc:subfield>
            <marc:subfield code="b">[مجمع اللغة العربية بدمشق]،</marc:subfield>
            <marc:subfield code="c">1960.</marc:subfield>
        </marc:datafield>
        <marc:datafield tag="880" ind1="0" ind2=" ">
            <marc:subfield code="6">490-04/r</marc:subfield>
            <marc:subfield code="a">مطبوعات مجمع اللغة العربية بدمشق</marc:subfield>
        </marc:datafield>
        <marc:datafield tag="880" ind1="1" ind2=" ">
            <marc:subfield code="6">700-05/r</marc:subfield>
            <marc:subfield code="a">معصومي، م. صغير حسن</marc:subfield>
            <marc:subfield code="q">(محمد صغير حسن)</marc:subfield>
        </marc:datafield>
        <marc:datafield tag="998" ind1=" " ind2=" ">
            <marc:subfield code="a">11/06/95</marc:subfield>
            <marc:subfield code="s">9124</marc:subfield>
            <marc:subfield code="n">NjP</marc:subfield>
            <marc:subfield code="w">NJPG95B66130</marc:subfield>
            <marc:subfield code="d">10/20/95</marc:subfield>
            <marc:subfield code="c">AAH</marc:subfield>
            <marc:subfield code="b">TO</marc:subfield>
            <marc:subfield code="i">951106</marc:subfield>
            <marc:subfield code="l">NJPG</marc:subfield>
        </marc:datafield>
        <marc:datafield tag="948" ind1=" " ind2=" ">
            <marc:subfield code="a">CON AACR2 bw set 07</marc:subfield>
        </marc:datafield>
        <marc:datafield tag="911" ind1=" " ind2=" ">
            <marc:subfield code="a">19951116</marc:subfield>
        </marc:datafield>
        <marc:datafield tag="912" ind1=" " ind2=" ">
            <marc:subfield code="a">19951106000000.0</marc:subfield>
        </marc:datafield>
        <marc:datafield tag="994" ind1=" " ind2=" ">
            <marc:subfield code="a">C0</marc:subfield>
            <marc:subfield code="b">PUL</marc:subfield>
        </marc:datafield>
        <marc:datafield tag="999" ind1=" " ind2=" ">
            <marc:subfield code="a">1013613</marc:subfield>
        </marc:datafield>
    </marc:record>
    </marc:collection>